@article{latala2006estimates,
  title={Estimates of moments and tails of Gaussian chaoses},
  author={Lata{\l}a, Rafa{\l} and others},
  journal={The Annals of Probability},
  volume={34},
  number={6},
  pages={2315--2331},
  year={2006},
  publisher={Institute of Mathematical Statistics}
}

@article{alon1998finding,
  title={Finding a large hidden clique in a random graph},
  author={Alon, Noga and Krivelevich, Michael and Sudakov, Benny},
  journal={Random Structures \& Algorithms},
  volume={13},
  number={3-4},
  pages={457--466},
  year={1998},
  publisher={Wiley Online Library}
}
